@article{saiz2017real, 
title={Real trends: The future of real estate in the united states},
author={Saiz, Albert and Salazar Miranda, Arianna},
journal={MIT Center for Real Estate Research Paper},
year={2017}
}

@article{realestatedata,
title={Real Estate Sales 2001-2020 GL},
author={CTData},
year={2022},
month={Oct}
} 


@article{Quigley, 
title={Real Estate Prices and Economic Cycles},
author={Quigley, John M},
journal={UC Berkeley},
year={2002}
}

@article{Williams, 
title={Understanding the Scope of the Housing Shortage in 
the United States},
author={Williams, S},
journal={Urban Land Institute Land Lines},
year={2016}
}

@textbook {Robbins, 
title={Environment and Society: A Critical Introduction Second Edition},
author={Robbins, Paul and Hintz, John and Moore Sarah, A},
year={2014}
}

@article{RMD, 
title={The Shapiro-Wilk and related tests for normality},
author={RMD},
year={2022}
}

